@article{pulay1980,
  author  = {Pulay, P.},
  journal = {Chem. Phys. Lett.},
  number  = {2},
  pages   = {393--398},
  title   = {Convergence acceleration of iterative sequences. The case of scf iteration},
  doi     = {10.1016/0009-2614(80)80396-4},
  volume  = {73},
  year    = {1980},
  url     = {https://www.sciencedirect.com/science/article/abs/pii/0009261480803964}
}

@article{pipek1989,
  author  = {Pipek, J. and Mezey, P. G.},
  title   = {A fast intrinsic localization procedure applicable for abinitio and semiempirical linear combination of atomic orbital wave functions},
  journal = {J. Chem. Phys.},
  year    = {1989},
  volume  = {90},
  number  = {9},
  pages   = {4916--4926},
  doi     = {10.1063/1.456588},
  url     = {https://aip.scitation.org/doi/abs/10.1063/1.456588?journalCode=jcp}
}

@article{rabuck1999,
  author  = {Rabuck, A. D. and Scuseria, G. E.},
  doi     = {10.1063/1.478177},
  journal = {J. Chem. Phys.},
  number  = {2},
  pages   = {695--700},
  title   = {Improving self-consistent field convergence by varying occupation numbers},
  volume  = {110},
  year    = {1999},
  url     = {https://aip.scitation.org/doi/10.1063/1.478177}
}

@article{kudin2002,
  author  = {Kudin, K. N. and Scuseria, G. E. and Canc\`{e}s, E.},
  doi     = {10.1063/1.1470195},
  journal = {J. Chem. Phys.},
  number  = {19},
  pages   = {8255--8261},
  title   = {A black-box self-consistent field convergence algorithm: One step closer},
  volume  = {116},
  year    = {2002},
  url     = {https://aip.scitation.org/doi/10.1063/1.1470195}
}

@article{limacher2013,
  author  = {Limacher, P. A. and Ayers, P. W. and Johnson, P. A. and De Baerdemacker, S. and Van Neck, D. and Bultinck, P.},
  journal = {J. Chem. Theory Comput.},
  pages   = {1394--1401},
  title   = {A new mean-field method suitable for strongly correlated electrons: computationally facile antisymmetric products of nonorthogonal geminals},
  volume  = {9},
  year    = {2013},
  url     = {http://pubs.acs.org/doi/abs/10.1021/ct300902c},
  doi     = {10.1021/ct300902c}
}

@article{boguslawski2014a,
  author  = {Boguslawski, K. and Tecmer, P. and Ayers, P. W. and Bultinck, P. and De Baerdemacker, S. and Van Neck, D.},
  title   = {Efficient description of strongly correlated electrons with mean-field cost},
  volume  = {89},
  journal = {Phys. Rev. B},
  pages   = {201106(R)},
  year    = {2014},
  url     = {http://journals.aps.org/prb/abstract/10.1103/PhysRevB.89.201106},
  doi     = {10.1103/PhysRevB.89.201106}
}

@article{boguslawski2014b,
  title   = {Non-variational orbital optimization rechniques for the AP1roG wave function},
  author  = {Boguslawski, K. and Tecmer, P. and Ayers, P. W. and Bultinck, P. and De Baerdemacker, S. and Van Neck, D.},
  journal = {J. Chem. Theory Comput.},
  volume  = {10},
  doi     = {10.1021/ct500759q},
  pages   = {4873--4882},
  year    = {2014},
  url     = {http://pubs.acs.org/doi/abs/10.1021/ct500759q},
  doi     = {10.1021/ct500759q}
}

@article{boguslawski2015a,
  title   = {Orbital entanglement in quantum chemistry},
  author  = {Boguslawski, K. and Tecmer, P.},
  journal = {Int. J. Quantum Chem.},
  volume  = {115},
  pages   = {1289--1295},
  doi     = {10.1002/qua.24832},
  year    = {2015},
  url     = {http://dx.doi.org/10.1002/qua.24832}
}

@article{boguslawski2015b,
  author  = {Boguslawski, K. and Ayers, P. W.},
  title   = {Linearized coupled cluster correction on the antisymmetric product of 1-reference orbital geminals},
  journal = {J. Chem. Theory Comput.},
  year    = {2015},
  volume  = {11},
  pages   = {5252--5261},
  doi     = {10.1021/acs.jctc.5b00776},
  url     = {https://doi.org/10.1021/acs.jctc.5b00776}
}

@article{boguslawski2016a,
  title   = {Targeting excited states in all-trans polyenes with electron-pair states},
  author  = {Boguslawski, K.},
  journal = {J. Chem. Phys.},
  volume  = {145},
  pages   = {234105},
  doi     = {10.1063/1.4972053},
  year    = {2016},
  url     = {http://dx.doi.org/10.1063/1.4972053}
}

@article{boguslawski2016b,
  author  = {Boguslawski, K. and Tecmer, P. and Legeza, {\"O}},
  journal = {Phys. Rev. B},
  title   = {Analysis of two-orbital correlations in wavefunctions restricted to electron-pair states},
  volume  = {94},
  pages   = {155126},
  year    = {2016},
  doi     = {10.1103/PhysRevB.94.155126},
  url     = {https://doi.org/10.1103/PhysRevB.94.155126}
}

@article{limacher2014,
  author  = {Limacher, P. A. and Ayers, P. W. and Johnson, P. A. and De Baerdemacker, S. and Van Neck, D. and Bultinck, P.},
  journal = {Phys. Chem. Chem. Phys},
  pages   = {5061--5065},
  volume  = {16},
  doi     = {10.1039/C3CP53301H},
  title   = {Simple and inexpensive perturbative correction schemes for antisymmetric products of nonorthogonal geminals},
  year    = {2014},
  url     = {http://pubs.rsc.org/en/content/articlehtml/2014/cp/c3cp53301h}
}

@article{boguslawski2017b,
  title   = {Erratum: Orbital entanglement in quantum chemistry},
  author  = {Boguslawski, K. and Tecmer, P.},
  journal = {Int. J. Quantum Chem.},
  volume  = {117},
  pages   = {e25455},
  doi     = {10.1002/qua.25455},
  year    = {2017},
  url     = {https://doi.org/10.1002/qua.25455}
}

@article{boguslawski2017a,
  title   = {Benchmark of dynamic electron correlation models for seniority-zero wavefunctions and their application to thermochemistry},
  author  = {Boguslawski, K. and Tecmer, P.},
  journal = {J. Chem. Theory Comput.},
  volume  = {13},
  pages   = {5966--5983},
  doi     = {10.1021/acs.jctc.6b01134},
  year    = {2017},
  url     = {http://pubs.acs.org/doi/pdf/10.1021/acs.jctc.6b01134}
}

@article{boguslawski2017c,
  author  = {Boguslawski, K.},
  title   = {Erratum: Targeting excited states in all-trans polyenes with electron-pair states},
  journal = {J. Chem. Phys.},
  volume  = {147},
  number  = {13},
  pages   = {139901},
  year    = {2017},
  doi     = {10.1063/1.5006124},
  url     = {https://doi.org/10.1063/1.5006124}
}

@misc{valeev2019,
  author = {Valeev, E. F.},
  title  = {A library for the evaluation of molecular integrals of many-body operators over Gaussian functions},
  year   = {2019},
  url    = {http://libint.valeyev.net/}
}

@article{jeziorski1994,
  title   = {Perturbation theory approach to intermolecular potential energy surfaces of van der Waals complexes},
  author  = {Jeziorski, B. and Moszynski, R. and Szalewicz, K.},
  journal = {Chem. Rev.},
  volume  = {94},
  doi     = {10.1021/cr00031a008},
  number  = {7},
  pages   = {1887--1930},
  year    = {1994},
  url     = {https://pubs.acs.org/doi/10.1021/cr00031a008}
}

@article{patkowski2020,
  title   = {Recent developments in symmetry-adapted perturbation theory},
  author  = {Patkowski, K.},
  journal = {WIREs Comput. Mol. Sci.},
  volume  = {10},
  number  = {3},
  pages   = {e1452},
  year    = {2020},
  doi     = {10.1002/wcms.1452},
  url     = {https://onlinelibrary.wiley.com/doi/abs/10.1002/wcms.1452}
}

@article{nowak2021,
  title   = {Orbital entanglement and correlation from pCCD-tailored Coupled Cluster wave functions},
  author  = {Nowak, A. and  Legeza, {\"O}. and Boguslawski, K.},
  journal = {J. Chem. Phys.},
  volume  = {154},
  number  = {},
  pages   = {084111},
  year    = {2021},
  doi     = {10.1063/5.0038205},
  url     = {https://aip.scitation.org/doi/abs/10.1063/5.0038205}
}

@article{leszczyk2022,
  title   = {Assessing the accuracy of tailored coupled cluster methods corrected by electronic wave functions of polynomial cost},
  author  = {Leszczyk, A. and M\'{a}t\'{e}, M. and  Legeza, {\"O}. and Boguslawski, K.},
  journal = {J. Chem. Theory Comput.},
  volume  = {18},
  number  = {1},
  pages   = {96--117},
  year    = {2022},
  url     = {https://pubs.acs.org/doi/10.1021/acs.jctc.1c00284},
  doi     = {10.1021/acs.jctc.1c00284}
}

@incollection{aquilante2011,
  title     = {Cholesky decomposition techniques in electronic structure theory},
  author    = {Aquilante, F. and Boman, L. and Bostr{\"o}m, J. and Koch, H. and Lindh, R. and de Mer{\'a}s, A. S. and Pedersen, T. B.},
  booktitle = {Linear-Scaling Techniques in Computational Chemistry and Physics},
  pages     = {301--343},
  year      = {2011},
  publisher = {Springer}
}

@incollection{davidson-corr,
  title     = {Configuration interaction description of electron correlation},
  author    = {Davidson, Ernest R.},
  booktitle = {The World of Quantum Chemistry},
  pages     = {17--30},
  year      = {1974},
  url       = {https://doi.org/10.1007/978-94-010-2156-2_2}
}

@incollection{scc-overview,
  title     = {Configuration interaction: Corrections for size-consistency},
  author    = {Szalay, P.},
  booktitle = {Encyclopedia of Computational Chemistry},
  pages     = {},
  year      = {2005},
  url       = {https://onlinelibrary.wiley.com/doi/abs/10.1002/0470845015.cn0066}
}

@incollection{meissner-overview,
  title     = {Chapter Seven - Size-extensivity corrections in single- and multi-reference configuration interaction calculations},
  author    = {Erturk. M. and Meissner, L.},
  booktitle = {Electron correlation in molecules - ab initio beyond Gaussian quantum chemistry},
  pages     = {145--160},
  year      = {2016},
  series    = {Advances in Quantum Chemistry},
  volume    = {73},
  url       = {https://www.sciencedirect.com/science/article/pii/S0065327615000362}
}

@article{duch1994,
  author  = {Duch, W. and Diercksen, G. H. F.},
  title   = {{Size‚Äêextensivity corrections in configuration interaction methods}},
  journal = {J. Chem. Phys.},
  volume  = {101},
  pages   = {3018--3030},
  year    = {1994},
  doi     = {10.1063/1.467615},
  url     = {https://doi.org/10.1063/1.467615}
}

@article{boguslawski2019,
  author  = {Boguslawski, K.},
  title   = {Targeting Doubly Excited States with Equation of Motion Coupled Cluster Theory Restricted to Double Excitations},
  journal = {J. Chem. Theory Comput.},
  volume  = {15},
  number  = {1},
  pages   = {18--24},
  year    = {2019},
  doi     = {10.1021/acs.jctc.8b01053},
  url     = {https://doi.org/10.1021/acs.jctc.8b01053}
}

@article{boguslawski2021,
  author  = {Boguslawski, K.},
  title   = {Open-shell extensions to closed-shell pCCD},
  journal = {Chem. Commun.},
  year    = {2021},
  volume  = {57},
  issue   = {92},
  pages   = {12277--12280},
  doi     = {10.1039/D1CC04539C},
  url     = {http://dx.doi.org/10.1039/D1CC04539C}
}

@article{dvr-1991,
  author  = {Colbert, D. T. and Miller W. H.},
  title   = {A novel discrete variable representation for quantum mechanical reactive scattering via the S-matrix Kohn method},
  journal = {J. Chem. Phys.},
  volume  = {96},
  pages   = {1982-‚Äì1991},
  year    = {1991},
  doi     = {https://doi.org/10.1063/1.462100}
}

@article{nowak2023,
  author  = {Nowak, A. and Boguslawski, K.},
  title   = {A configuration interaction correction on top of pair coupled cluster doubles},
  journal = {Phys. Chem. Chem. Phys.},
  year    = {2023},
  volume  = {25},
  issue   = {10},
  pages   = {7289--7301},
  doi     = {10.1039/D2CP05171K},
  url     = {http://dx.doi.org/10.1039/D2CP05171K}
}

@article{gomes2008embedding,
  title   = {Calculation of local excitations in large systems by embedding wave-function theory in density-functional theory},
  author  = {Gomes, A. S. and Jacob, C. R. and Visscher L.},
  journal = {Phys. Chem. Chem. Phys.},
  year    = {2008},
  volume  = {10},
  number  = {35},
  pages   = {5353--5362},
  doi     = {10.1039/B805739G},
  url     = {https://pubs.rsc.org/en/content/articlehtml/2008/cp/b805739g},
}

@article{chakraborty2023,
  title   = {Static Embedding with Pair Coupled Cluster Doubles Based Methods},
  author  = {Chakraborty, R. and Boguslawski, K. and Tecmer, P.},
  journal = {Phys. Chem. Chem. Phys.},
  year    = {2023},
  volume  = {25},
  number  = {37},
  pages   = {25377--25388},
  doi     = {10.1039/D3CP02502K},
  url     = {https://pubs.rsc.org/en/content/articlelanding/2023/cp/d3cp02502k},
}

@article{galynska2024,
  author  = {Ga{\l}y\'{n}ska, M. and Boguslawski, K.},
  title   = {Benchmarking Ionization Potentials from pCCD Tailored Coupled Cluster Models},
  journal = {J. Chem. Theory Comput.},
  volume  = {20},
  number  = {10},
  pages   = {4182--4195},
  year    = {2024},
  doi     = {10.1021/acs.jctc.4c00172},
  url     = {https://doi.org/10.1021/acs.jctc.4c00172}
}

@misc{nanobind,
  author = {Wenzel, J.},
  year   = {2022},
  note   = {https://github.com/wjakob/nanobind},
  title  = {nanobind: tiny and efficient C++/Python bindings}
}

@article{ahmadkhani2024,
  title   = {Linear Response pCCD-Based Methods: LR-pCCD and LR-pCCD+S Approaches for the Efficient and Reliable Modeling of Excited State Properties},
  author  = {Ahmadkhani, S. and Boguslawski, K. and Tecmer, P.},
  journal = {J. Chem. Theory Comput.},
  year    = {2024},
  volume  = {20},
  number  = {23},
  pages   = {10443--10452},
  url     = {https://doi.org/10.1021/acs.jctc.4c01017}
}

@article{jahani2025a,
  title={Simple and efficient computational strategies for calculating orbital energies and pair-orbital energies from pCCD-based methods},
  author={Jahani, S. and Ahmadkhani, S. and Boguslawski, K. and Tecmer, P.},
  journal={J. Chem. Phys.},
  year={2025},
  volume={162},
  number={},
  pages={184110},
  url   ={https://doi.org/10.1063/5.0262453}
  }

@article{jahani2025b,
  title={Ionization potentials and electron affinities from the extended Koopmans' theorem based on pair-Coupled Cluster Doubles},
  author={Jahani, S. and Ahmadkhani, S. and Boguslawski, K. and Tecmer, P.},
  journal={J. Chem. Phys.},
  year={2025},
  volume={X},
  number={X},
  pages={X--X},
  url   ={X}
}
@article{galynska2024b,
title   = {Exploring Electron Affinities, LUMO Energies, and Band Gaps with Electron-Pair Theories},
author  = {Ga{\l}y\'{n}ska, M. and Tecmer, P. and Boguslawski, K.},
journal = {J. Phys. Chem. A},
year    = {2024},
volume  = {128},
number  = {51},
pages   = {11068--11073},
url     = {https://doi.org/10.1021/acs.jpca.4c06904}
}

@article{behjou2025,
  title   = {Electron Attachment Energies from Tailored Coupled Cluster Methods. A Comparison between the Ionized and Electron-Attached Variants},
  author  = {Behjou, S. and Ahmadkhani, S. and Tecmer, P. and Boguslawski, K.},
  journal = {J. Chem. Theory Comput.},
  year    = {2025},
  volume  = {X},
  number  = {X},
  pages   = {X--X},
  url     = {X}
}

@article{sujkowski2024,
  title   = {Reversed Spin Flip},
  author  = {Sujkowski, E. and Leszczyk, A. and Krylov, A. and Boguslawski, K.},
  journal = {In preparation},
  year    = {2024},
  volume  = {X},
  number  = {X},
  pages   = {X--X},
  url     = {X}
}

@article{szczuczko2025,
  title   = {A Cross-Platform Graphical User Interface Using Web Technologies: Simplifying the Setup for PyBEST Calculations},
  author  = {Szczuczko, L. and Boguslawski, K.},
  journal = {Int. J. Quantum Chem.},
  year    = {2025},
  volume  = {X},
  number  = {X},
  pages   = {X--X},
  url     = {X}
}

@article{karimi2025,
  title   = {Efficient and reliable modeling of large $\pi$-electron systems with the Pariser--Parr--Pople Hamiltonian and pCCD-based methods.},
  author  = {Karimi, Z. and Ahmadkhani, S. and Boguslawski, K. and Tecmer, P.},
  journal = {XX},
  year    = {2025},
  volume  = {X},
  number  = {X},
  pages   = {X--X},
  url     = {X}
}

@article{norman2018,
  title   = {Simulating X-ray Spectroscopies and Calculating Core-Excited States of Molecules},
  author  = {Norman, P. and Dreuw, A.},
  journal = {Chem. Rev.},
  year    = {2018},
  volume  = {118},
  number  = {15},
  pages   = {7208--7248},
  url     = {https://pubs.acs.org/doi/10.1021/acs.chemrev.8b00156}
}

@article{pandey2025,
  title   = {Frozen-pair-type pCCD-based methods and their double ionization variants to predict properties of prototypical BN-doped light emitters},
  author  = {Pandey, R. D. and de Moraes, M. M. F. and Boguslawski, K. and Tecmer, P.},
  journal = {J. Chem. Theory Comput.},
  year    = {2025},
  volume  = {21},
  number  = {10},
  pages   = {5049--5061},
  url     = {https://doi.org/10.1021/acs.jctc.5c00057}
}

@article{kriebel2024,
  title   = {Accelerating Pythonic Coupled-Cluster Implementations: A Comparison Between CPUs and GPUs},
  author  = {Kriebel, M.H. and Tecmer, P. and Ga{\l}ynÃÅska, M. and Leszczyk, A. and Boguslawski, K.},
  journal = {J. Chem. Theory Comput.},
  year    = {2024},
  volume  = {20},
  number  = {3},
  pages   = {1130--1142},
  url     = {https://pubs.acs.org/doi/full/10.1021/acs.jctc.3c01110}
}
