@article{casenave2023mmgp,
  title={MMGP: a Mesh Morphing Gaussian Process-based machine learning method for regression of physical problems under non-parameterized geometrical variability},
  author={Casenave, F. and Staber, B. and Roynard, X.},
  journal={Thirty-seventh Conference on Neural Information Processing Systems},
  url = {https://neurips.cc/virtual/2023/poster/72423},
  year={2023}
}

@inproceedings{airfrans,
  author = {Bonnet, F. and Mazari, J. and Cinnella, P. and Gallinari, P.},
  booktitle = {Advances in Neural Information Processing Systems},
  editor = {S. Koyejo and S. Mohamed and A. Agarwal and D. Belgrave and K. Cho and A. Oh},
  pages = {23463--23478},
  publisher = {Curran Associates, Inc.},
  title = {AirfRANS: High Fidelity Computational Fluid Dynamics Dataset for Approximating Reynolds-Averaged Navier\textendash Stokes Solutions},
  url = {https://proceedings.neurips.cc/paper_files/paper/2022/file/94ab7b23a345f93333eac8748a66c763-Paper-Datasets_and_Benchmarks.pdf},
  volume = {35},
  year = {2022}
}
