
@article{larralde_pyrodigal_2022,
	title = {Pyrodigal: {Python} bindings and interface to {Prodigal}, an efficient method for gene prediction in prokaryotes},
	volume = {7},
	copyright = {All rights reserved},
	issn = {2475-9066},
	shorttitle = {Pyrodigal},
	url = {https://joss.theoj.org/papers/10.21105/joss.04296},
	doi = {10.21105/joss.04296},
	abstract = {Larralde, M., (2022). Pyrodigal: Python bindings and interface to Prodigal, an efficient method for gene prediction in prokaryotes. Journal of Open Source Software, 7(72), 4296, https://doi.org/10.21105/joss.04296},
	language = {en},
	number = {72},
	urldate = {2022-04-26},
	journal = {Journal of Open Source Software},
	author = {Larralde, Martin},
	month = apr,
	year = {2022},
	pages = {4296},
}

@article{hyatt_prodigal_2010,
	title = {Prodigal: prokaryotic gene recognition and translation initiation site identification},
	volume = {11},
	issn = {1471-2105},
	shorttitle = {Prodigal},
	url = {https://bmcbioinformatics.biomedcentral.com/articles/10.1186/1471-2105-11-119},
	doi = {10.1186/1471-2105-11-119},
	language = {en},
	number = {1},
	urldate = {2022-04-26},
	journal = {BMC Bioinformatics},
	author = {Hyatt, Doug and Chen, Gwo-Liang and LoCascio, Philip F and Land, Miriam L and Larimer, Frank W and Hauser, Loren J},
	month = dec,
	year = {2010},
	pages = {119},
}
